@article{gandhi2019measuring,
  title   = {Measuring substitution patterns in differentiated-products industries},
  author  = {Gandhi, Amit and Houde, Jean-Fran{\c{c}}ois},
  journal = {NBER Working paper},
  number  = {w26375},
  year    = {2019}
}